<record><leader>00000cas a2200000 a 4500</leader><controlfield tag="001">55059101</controlfield><controlfield tag="008">040430d198819uucaumr ne      0    0eng c</controlfield><datafield ind1=" " ind2=" " tag="010"><subfield code="a">sn2004061106</subfield></datafield><datafield ind1=" " ind2=" " tag="040"><subfield code="a">CNK</subfield><subfield code="b">eng</subfield><subfield code="c">CNK</subfield><subfield code="d">OCLCQ</subfield><subfield code="d">OCLCF</subfield><subfield code="d">OCLCO</subfield></datafield><datafield ind1="1" ind2=" " tag="029"><subfield code="a">AU@</subfield><subfield code="b">000025511224</subfield></datafield><datafield ind1=" " ind2=" " tag="042"><subfield code="a">pcc</subfield></datafield><datafield ind1=" " ind2=" " tag="043"><subfield code="a">n-us-ca</subfield></datafield><datafield ind1="0" ind2=" " tag="130"><subfield code="a">Eye (Long Beach, Calif. : 1988)</subfield></datafield><datafield ind1="1" ind2="4" tag="245"><subfield code="a">The eye.</subfield></datafield><datafield ind1=" " ind2=" " tag="260"><subfield code="a">Long Beach, Calif. :</subfield><subfield code="b">[s.n.]</subfield></datafield><datafield ind1=" " ind2=" " tag="300"><subfield code="a">v.</subfield></datafield><datafield ind1=" " ind2=" " tag="310"><subfield code="a">Monthly</subfield></datafield><datafield ind1="0" ind2=" " tag="362"><subfield code="a">Vol. 1, no. 1 (June 1988)-</subfield></datafield><datafield ind1=" " ind2=" " tag="500"><subfield code="a">"Published for the advancement of Long Beach and her citizens."</subfield></datafield><datafield ind1=" " ind2="0" tag="651"><subfield code="a">Long Beach (Calif.)</subfield><subfield code="v">Newspapers.</subfield></datafield><datafield ind1=" " ind2="7" tag="655"><subfield code="a">Newspapers.</subfield><subfield code="2">fast</subfield><subfield code="0">(OCoLC)fst01423814</subfield></datafield><datafield ind1=" " ind2="7" tag="651"><subfield code="a">California</subfield><subfield code="z">Long Beach.</subfield><subfield code="2">fast</subfield><subfield code="0">(OCoLC)fst01206254</subfield></datafield><datafield ind1=" " ind2=" " tag="752"><subfield code="a">United States</subfield><subfield code="b">California</subfield><subfield code="c">Los Angeles</subfield><subfield code="d">Long Beach.</subfield></datafield></record>